<?xml version="1.0" encoding="UTF-8"?>
<OAI-PMH xmlns="http://www.openarchives.org/OAI/2.0/" xmlns:xsi="http://www.w3.org/2001/XMLSchema-instance" xsi:schemaLocation="http://www.openarchives.org/OAI/2.0/ http://www.openarchives.org/OAI/2.0/OAI-PMH.xsd">
<ListRecords>
<record>
<header status="updated">
<identifier>urm_publish:71297443280002121</identifier>
</header>
<metadata>
<record xmlns="http://www.loc.gov/MARC21/slim" xmlns:xsi="http://www.w3.org/2001/XMLSchema-instance" xsi:schemaLocation="http://www.loc.gov/MARC21/slim http://www.loc.gov/standards/marcxml/schema/MARC21slim.xsd" ><leader>01360mas a2200397   4500</leader><controlfield tag="005">20070917174053.0</controlfield><controlfield tag="008">751101d19671968nyusr p  o    0    0eng u</controlfield><controlfield tag="001">999667806302121</controlfield><datafield tag="019" ind1=" " ind2=" "><subfield code="a">02263237</subfield></datafield><datafield tag="035" ind1=" " ind2=" "><subfield code="a">(OCoLC)ocm01779465</subfield></datafield><datafield tag="035" ind1=" " ind2=" "><subfield code="9">APC8756UW</subfield></datafield><datafield tag="035" ind1=" " ind2=" "><subfield code="a">2225518</subfield></datafield><datafield tag="035" ind1=" " ind2=" "><subfield code="a">(WU)2225518-uwmadisondb</subfield></datafield><datafield tag="035" ind1=" " ind2=" "><subfield code="z">(OCoLC)02263237</subfield></datafield><datafield tag="040" ind1=" " ind2=" "><subfield code="a">WU</subfield><subfield code="b">eng</subfield><subfield code="c">MUL</subfield><subfield code="d">PIT</subfield><subfield code="d">COO</subfield><subfield code="d">OCL</subfield><subfield code="d">m/c</subfield><subfield code="d">IUL</subfield></datafield><datafield tag="049" ind1=" " ind2=" "><subfield code="a">[R]WIDA</subfield></datafield><datafield tag="090" ind1=" " ind2=" "><subfield code="a">Z477</subfield><subfield code="b">.K5</subfield></datafield><datafield tag="092" ind1=" " ind2=" "><subfield code="a">028.5</subfield><subfield code="b">K63b</subfield></datafield><datafield tag="245" ind1="0" ind2="4"><subfield code="a">The Kirkus service.</subfield></datafield><datafield tag="260" ind1=" " ind2=" "><subfield code="a">New York :</subfield><subfield code="b">Kirkus Service.</subfield></datafield><datafield tag="300" ind1=" " ind2=" "><subfield code="a">2 volumes ;</subfield><subfield code="c">28 cm</subfield></datafield><datafield tag="310" ind1=" " ind2=" "><subfield code="a">Semimonthly</subfield></datafield><datafield tag="336" ind1=" " ind2=" "><subfield code="a">text</subfield><subfield code="b">txt</subfield><subfield code="2">rdacontent</subfield></datafield><datafield tag="337" ind1=" " ind2=" "><subfield code="a">unmediated</subfield><subfield code="b">n</subfield><subfield code="2">rdamedia</subfield></datafield><datafield tag="338" ind1=" " ind2=" "><subfield code="a">volume</subfield><subfield code="b">nc</subfield><subfield code="2">rdacarrier</subfield></datafield><datafield tag="362" ind1="0" ind2=" "><subfield code="a">v. 35-36; 1967-68.</subfield></datafield><datafield tag="555" ind1=" " ind2=" "><subfield code="a">Author index for vols. 35-36, 1967-1968, included in 2-volume author index for vols. 16-40, 1948-1972.</subfield></datafield><datafield tag="525" ind1=" " ind2=" "><subfield code="a">Supplements accompany some issues.</subfield></datafield><datafield tag="550" ind1=" " ind2=" "><subfield code="a">Name of issuing body varies: 1967-Apr. 1, 1968, Virginia Kirkus' Service.</subfield></datafield><datafield tag="650" ind1=" " ind2="0"><subfield code="a">Books</subfield><subfield code="v">Reviews</subfield><subfield code="v">Periodicals.</subfield><subfield code="2">LCSH</subfield><subfield code="0">41-LIBRARY_OF_CONGRESS-sh2007102097</subfield><subfield code="9">Y</subfield></datafield><datafield tag="650" ind1=" " ind2="0"><subfield code="a">American literature</subfield><subfield code="v">Bibliography</subfield><subfield code="v">Periodicals.</subfield><subfield code="2">LCSH</subfield><subfield code="0">41-LIBRARY_OF_CONGRESS-sh2009114800</subfield><subfield code="9">Y</subfield></datafield><datafield tag="710" ind1="2" ind2=" "><subfield code="a">Kirkus Service.</subfield><subfield code="2">LCNAMES</subfield><subfield code="0">41-LIBRARY_OF_CONGRESS-n  85160215</subfield><subfield code="9">Y</subfield></datafield><datafield tag="710" ind1="0" ind2=" "><subfield code="a">Kirkus' (Virginia) Service.</subfield><subfield code="2">LCNAMES</subfield></datafield><datafield tag="780" ind1="0" ind2="0"><subfield code="a">Kirkus' (Virginia) Service.</subfield><subfield code="t">Virginia Kirkus' service</subfield><subfield code="w">(OCoLC)01779466</subfield></datafield><datafield tag="785" ind1="0" ind2="0"><subfield code="t">Kirkus reviews</subfield><subfield code="x">0042-6598</subfield><subfield code="w">(OCoLC)01696563</subfield></datafield><datafield tag="997" ind1=" " ind2=" "><subfield code="a">MARCIVE</subfield></datafield><datafield tag="INST" ind1=" " ind2=" "><subfield code="a">01UWI_NETWORK</subfield><subfield code="b">P</subfield><subfield code="c">71297443280002121</subfield></datafield><datafield tag="INST" ind1=" " ind2=" "><subfield code="a">01UWI_MAD</subfield><subfield code="b">P</subfield><subfield code="c">21556960170002122</subfield></datafield><datafield tag="INST" ind1=" " ind2=" "><subfield code="a">01UWI_ML</subfield><subfield code="b">P</subfield><subfield code="c">21185560280002124</subfield></datafield><datafield tag="AVA" ind1=" " ind2=" "><subfield code="0">9922255183602122</subfield><subfield code="8">22556960160002122</subfield><subfield code="a">01UWI_MAD</subfield><subfield code="b">SLIS</subfield><subfield code="c">Reference</subfield><subfield code="d">028.05 K63b</subfield><subfield code="e">available</subfield><subfield code="f">8</subfield><subfield code="g">0</subfield><subfield code="j">ref</subfield><subfield code="k">1</subfield><subfield code="p">1</subfield><subfield code="q">Information School Library</subfield><subfield code="t">v.35(1967)-v.36(1968)</subfield></datafield><datafield tag="AVA" ind1=" " ind2=" "><subfield code="0">993155683402124</subfield><subfield code="8">22185560270002124</subfield><subfield code="a">01UWI_ML</subfield><subfield code="b">MIL</subfield><subfield code="c">Microtext Collection - Microfilm</subfield><subfield code="d">Z07</subfield><subfield code="e">check_holdings</subfield><subfield code="j">microfilm</subfield><subfield code="k">8</subfield><subfield code="p">1</subfield><subfield code="q">UW Milwaukee</subfield><subfield code="t">v.35 (1967)-v.36 (1968)</subfield></datafield><datafield tag="PLK" ind1=" " ind2=" "><subfield code="a">Precedes.</subfield><subfield code="b">999667782102121</subfield></datafield><datafield tag="PLK" ind1=" " ind2=" "><subfield code="a">Precedes.</subfield><subfield code="b">999786040402121</subfield></datafield><datafield tag="MMS" ind1=" " ind2=" "><subfield code="b">999667806302121</subfield><subfield code="a">01UWI_NETWORK</subfield></datafield><datafield tag="MMS" ind1=" " ind2=" "><subfield code="b">9922255183602122</subfield><subfield code="a">01UWI_MAD</subfield></datafield><datafield tag="MMS" ind1=" " ind2=" "><subfield code="b">993155683402124</subfield><subfield code="a">01UWI_ML</subfield></datafield><datafield tag="690" ind1=" " ind2="0"><subfield code="a">Books</subfield><subfield code="x">Reviews.</subfield><subfield code="9">LOCAL</subfield><subfield code="A">01UWI_ML</subfield></datafield><datafield tag="690" ind1=" " ind2="0"><subfield code="a">American literature</subfield><subfield code="x">Bibliography</subfield><subfield code="x">Periodicals.</subfield><subfield code="9">LOCAL</subfield><subfield code="A">01UWI_ML</subfield></datafield><datafield tag="AAA" ind1="1" ind2="1"><subfield code="z">Located in the Book Reviews section; bound under title: "Kirkus Review"</subfield><subfield code="8">22556960160002122</subfield><subfield code="A">01UWI_MAD</subfield></datafield></record>
</metadata>
</record>
</ListRecords>
</OAI-PMH>